<record><leader>00000cas a2200000 a 4500</leader><controlfield tag="001">35899633</controlfield><controlfield tag="008">961112d18uu1uuucaudn ne      0    0eng c</controlfield><datafield ind1=" " ind2=" " tag="010"><subfield code="a">sn 96062902 </subfield></datafield><datafield ind1=" " ind2=" " tag="040"><subfield code="a">CNK</subfield><subfield code="b">eng</subfield><subfield code="c">CNK</subfield><subfield code="d">CNK</subfield><subfield code="d">OCLCQ</subfield><subfield code="d">OCLCF</subfield><subfield code="d">OCLCO</subfield></datafield><datafield ind1="1" ind2=" " tag="029"><subfield code="a">AU@</subfield><subfield code="b">000025930508</subfield></datafield><datafield ind1=" " ind2=" " tag="042"><subfield code="a">pcc</subfield></datafield><datafield ind1=" " ind2=" " tag="043"><subfield code="a">lsxj---</subfield></datafield><datafield ind1="0" ind2="0" tag="245"><subfield code="a">St. Helena daily reflector.</subfield></datafield><datafield ind1=" " ind2=" " tag="260"><subfield code="a">St. Helena, Napa Co., Cal. :</subfield><subfield code="b">Woodraft &amp; McNeill</subfield></datafield><datafield ind1=" " ind2=" " tag="300"><subfield code="a">v.</subfield></datafield><datafield ind1=" " ind2=" " tag="310"><subfield code="a">Daily (except Mon.)</subfield></datafield><datafield ind1=" " ind2=" " tag="588"><subfield code="a">Description based on: Vol. 1, no. 48 (July 22, 1890).</subfield></datafield><datafield ind1=" " ind2="0" tag="651"><subfield code="a">Saint Helena</subfield><subfield code="v">Newspapers.</subfield></datafield><datafield ind1=" " ind2="7" tag="655"><subfield code="a">Newspapers.</subfield><subfield code="2">fast</subfield><subfield code="0">(OCoLC)fst01423814</subfield></datafield><datafield ind1=" " ind2="7" tag="651"><subfield code="a">Saint Helena.</subfield><subfield code="2">fast</subfield><subfield code="0">(OCoLC)fst01230111</subfield></datafield><datafield ind1=" " ind2=" " tag="752"><subfield code="a">United States</subfield><subfield code="b">California</subfield><subfield code="c">Napa</subfield><subfield code="d">Saint Helena.</subfield></datafield></record>